@article{AlbertNetwork07,
  title = {Network Inference, Analysis, and Modeling in Systems Biology},
  author = {R\'{e}ka Albert},
  journal = {Plant Cell},
  volume = {19},
  issue = {11},
  pages = {3327--3338},
  year = {2007}
}


@article{AudunPers19,
  title = {Persistent homology of complex networks for dynamic state detection},
  author = {Myers, Audun and Munch, Elizabeth and Khasawneh, Firas A.},
  journal = {Phys. Rev. E},
  volume = {100},
  issue = {2},
  pages = {022314},
  numpages = {14},
  year = {2019},
  month = {August},
  publisher = {American Physical Society},
  doi = {10.1103/PhysRevE.100.022314},
  url = {https://link.aps.org/doi/10.1103/PhysRevE.100.022314}
}

@article{AudunSeparating20,
  title={Separating Persistent Homology of Noise from Time Series Data Using Topological Signal Processing.},
  author={Audun Myers and Firas A. Khasawneh and Brittany Terese Fasy},
  journal={arXiv:2012.04039},
  year={2020}
}

@article{BandtPermutation02,
  title = {Permutation Entropy: A Natural Complexity Measure for Time Series},
  author = {Bandt, Christoph and Pompe, Bernd},
  journal = {Phys. Rev. Lett.},
  volume = {88},
  issue = {17},
  pages = {174102},
  numpages = {4},
  year = {2002},
  month = {Apr},
  publisher = {American Physical Society},
  doi = {10.1103/PhysRevLett.88.174102},
  url = {https://link.aps.org/doi/10.1103/PhysRevLett.88.174102}
}

@inproceedings{BauerInduced14,
  title={Induced Matchings of Barcodes and the Algebraic Stability of Persistence},
  author={Ulrich Bauer and Michael Lesnick},
  booktitle={SoCG `14: Proceedings of the 30th Annual Symposium on Computational Geometry},
  year={2014}
}

@book{BellmanDynamic57,
author = {Richard Bellman},
title = {Dynamic Programming},
year = {1957},
isbn = {9780691146683},
publisher = {Princeton University Press},
}

@misc{BeltonComputing21,
  author = {Robin Belton and Bree Cummins and Robert R. Narem},
  title = {Computing and Comparing Extremal Event DAGs},
  year = {2021},
  publisher = {GitHub},
  journal = {GitHub repository},
  howpublished = {\url{https://github.com/breecummins/min_interval_posets}},
  commit = {4d89d1fb208cff1e0866d17d95260612e938f467}
}

@article{BendichPersistent10,
  title = {Persistent Intersection Homology},
  author = {Paul Bendich and John Harer},
  journal = {Foundations of Computational Mathematics},
  volume = {11},
  pages = {305-336},
  year = {2010},
  month = {December},
  publisher = {Springer},
  doi = {10.1007/s10208-010-9081-1}
}

@article{BendichHomology13,
author = {Paul Bendich and Herbert Edelsbrunner and Dmitriy Morozov and Amit Patel},
title = {{Homology and Robustness of Level and Interlevel sets}},
volume = {15},
journal = {Homology, Homotopy and Applications},
number = {1},
publisher = {International Press of Boston},
pages = {51 -- 72},
keywords = {homology, levelset, Persistence, perturbation, robustness, well group, zigzag},
year = {2013},
doi = {hha/1383943667},
URL = {https://doi.org/}
}


@article{BerryUsing20,
  author  = {Eric Berry and Bree Cummins and Robert R. Narem and Lauren M. Smith and Steven B. Haase and Tom\'{a}\v{s} Gedeon}, 
  title   = {Using Extremal Events to Characterize Noisy Time Series},
  journal = {Journal of Mathematical Biology},
  year    = {2020},
  pages   = {1523–1557},
  month   = {February},
  volume  = {80}
}

@article{BerwaldCritical14,
title = {Critical Transitions in A Model of A Genetic Regulatory System},
journal = {Mathematical Biosciences \& Engineering},
volume = {11},
number = {4},
pages = {723-740},
year = {2014},
author = {Jesse Berwald and Marian Gidea},
}

@article{BollSuppression79,
  author={Steven Boll},
  journal={IEEE Transactions on Acoustics, Speech, and Signal Processing}, 
  title={Suppression of Acoustic Noise in Speech Using Spectral Subtraction}, 
  year={1979},
  volume={27},
  number={2},
  pages={113-120},
  doi={10.1109/TASSP.1979.1163209}}
 
 @article{BristowCheckpoints14,
  author={Sara L. Bristow and Adam R. Leman and Laura A. Simmons Kovacs and Anastasia Deckard and John Harer and Steven B. Haase},
  journal={Genome Biology}, 
  title={Checkpoints Couple Transcription Network Oscillator Dynamics to Cell-Cycle Progression}, 
  year={2014},
  volume={15},
  number={446},
  doi={10.1186/s13059-014-0446-7},
}
  
 @article{BubenikMetrics15,
  author={Peter Bubenik and Vin de Silva and Johnathan Scott},
  journal={Foundations of Computational Mathematics}, 
  title={Metrics for Generalized Persistence Modules}, 
  year={2015},
  volume={15},
  number={6},
  pages={1501--1531},
}
  
 @article{CarlssonZigzag10,
  author={Gunnar Carlsson and Vin de Silva},
  journal={Foundations of Computational Mathematics}, 
  title={Zigzag Persistence}, 
  year={2010},
  volume={10},
  pages={367--405},
}

 @book{ChazelThe16,
  author={Fr\'{e}d\'{e}ric Chazal and Vin de Silva and Marc Glisse and Steve Oudot},
  title={The Structure and Stability of Persistence Modules}, 
  year={2016},
  publisher={Springer},
  edition={1}
}

@inproceedings{ChazelProximity09,
  title={Proximity of Persistence Modules and Their Diagrams},
  author={Fr\'{e}d\'{e}ric Chazal and David Cohen-Steiner and Marc Glisse and Leonidas J. Guibas and Steve Y. Oudot},
  booktitle={SoCG `09: Proceedings of the Twenty-Fifth Annual Symposium on Computational Geometry},
  pages={237--246},
  year={2009}
}
  
@inproceedings{ChenA19,
  title={A Topological Regularizer for Classifiers via Persistent Homology},
  author={Chao Chen and Xiuyan Ni and Qinxun Bai and Yusu Wang},
  booktitle={AISTATS},
  year={2019}
}

@article{ChoThe19,
  author={Chun-Yi Cho and Christina M. Kelliher and Steven B. Haase},
  journal={Cell Cycle}, 
  title={The Cell-Cycle Transcriptional Network Generates and Transmits a Pulse of Transcription Once Each Cell Cycle}, 
  year={2019},
  doi={10.1080/15384101.2019}
  }
   
@article{ChoReconciling17,
  author={Chun-Yi Cho and Francis C. Motta and Christina M. Kelliher and Steven B. Haase},
  journal={Cell Cycle}, 
  title={Reconciling Conflicting Models for Global Control of Cell-Cycle Transcription}, 
  year={2017},
  doi={10.1080/15384101.2017.1367073}
  }

@book{CormenIntroduction09,
author = {Thomas H. Cormen and Charles E. Leiserson and Ronald L. Rivest and Clifford Stein},
title = {Introduction to Algorithms, Third Edition},
year = {2009},
isbn = {0262033844},
publisher = {The MIT Press},
edition = {3rd},
}

@article{CumminsModel18,
	author = {Bree Cummins and Tom\'{a}\v{s} Gedeon and Shaun Harker and Konstantin Mischaikow},
	title = {Model Rejection and Parameter Reduction via Time Series},
	volume = {17(2)},
	year = {2018},
	pages = {1589-1616},
	journal = {SIAM Journal of Applied Dynamical Systems}
}

@article{CumminsOn15,
author = {Bree Cummins and Tom\'{a}\v{s} Gedeon and Kelly Spendlove},
title = {On the Efficacy of State Space Reconstruction Methods in Determining Causality},
volume = {14},
issue = {1},
year = {2015},
pages = {335-381},
journal = {SIAM Journal of Applied Dynamical Systems},
doi = {10.1137/130946344}
}

@article{DeckardDesign13,
	author = {Anastasia Deckard and Ron C. Anafi and John B. Hogenesch and Steven B. Haase and John Harer},
	title = {Design and Analysis of Large-Scale Biological Rhythm Studies: A Comparison of Algorithms for Detecting Periodic
	 	Signals in Biological Data},
	volume = {88},
	year = {2013},
	journal = {Bioinformatics}
}

@article{DonnerRecurrence11,
title = {Recurrence-based time series analysis by means of complex network methods},
author = {Donner, {R. V.} and Michael Small and Donges, {J. F.} and N. Marwan and Y. Zou and R. Xiang and J. Kurths},
year = {2011},
doi = {10.1142/S0218127411029021},
language = {English},
volume = {21},
pages = {1019--1046},
journal = {International Journal of Bifurcation and Chaos},
issn = {0218-1274},
publisher = {World Scientific Publishing},
number = {4},
}

@book{EdelsbrunnerComputational10,
  title={Computational Topology: An Introduction},
  author={Herbert Edelsbrunner and John Harer},
  isbn={9780821849255},
  lccn={2009028121},
  series={Applied Mathematics},
  url={https://books.google.com/books?id=MDXa6gFRZuIC},
  year={2010},
  publisher={American Mathematical Society}
}

@article{EdelsbrunnerPersistent08,
title = {Persistent Homology - A Survey},
author = {Herbert Edelsbrunner and John Harer},
year = {2008},
pages = {257-282},
journal = {Surveys on Discrete and Computational Geometry: Twenty Years Later},
publisher={American Mathematical Society}
}

@article{FengPersistent21,
title = {Persistent Homology of Geospatial Data: A Case Study with Voting},
author = {Michelle Feng and Mason A. Porter},
year = {2021},
volume = {63},
pages = {67--99},
journal = {SIAM Review},
}


@article{FormanA2001,
author = {Robin Forman},
year = {2001},
month = {12},
title = {A User's Guide To Discrete {M}orse Theory},
volume = {48},
journal = {S\'em. Lothar. Combin.}
}

 P. FROSINI AND C. LANDI. Size theory as a topological tool for computer vision. Pattern Recognition and
Image Analysis 9 (1999), 596–603.

@article{FrosiniSize99,
title = {Size Theory as a Topological Tool for Computer Vision},
author = {Patrizio Frosini and Claudia Landi},
year = {1999},
volume = {9},
pages = {596--603},
journal = {Pattern Recognition and Image Analysis},
}

@article{GholizadehA18,
  title={A Short Survey of Topological Data Analysis in Time Series and System Analysis},
  author={Shafie Gholizadeh and Wlodek Zadrozny},
  journal={arXiv:1809.10745},
  year={2018}
}

@article{GhristBarcodes08,
title = {The Persistent Topology of Data},
author = {Robert Ghrist},
year = {2008},
language = {English},
volume = {45},
pages = {61--75},
journal = {American Mathematical Society. Bulletin. New Series.},
publisher = {American Mathematical Society},
}

@book{GhristElementary14,
  title={Elementary Applied Topology},
  author={Robert Ghrist},
  isbn={978-1502880857},
  edition={1},
  year={2014},
  publisher={Createspace}
}

@Inbook{GromovHyperbolic87,
author={Gromov, Mikhail},
editor={Gersten, S. M.},
title={Hyperbolic Groups},
bookTitle={Essays in Group Theory},
year={1987},
publisher={Springer New York},
address={New York, NY},
pages={75--263},
isbn={978-1-4613-9586-7},
doi={10.1007/978-1-4613-9586-7_3},
url={https://doi.org/10.1007/978-1-4613-9586-7_3}
}


@article{GuntherMandatory14,
title = {Mandatory Critical Points of 2D Uncertain Scalar Fields},
author = {David G\"{u}nther and Joseph Salmon and Julien Tierny},
year = {2014},
doi = {10.1111/cgf.12359},
language = {English},
volume = {33},
pages = {31--40},
journal = {Computer Graphics Forum},
publisher = {Wiley Online Library},
}

@article{HaaseTopology14,
title = {Topology and Control of the Cell-Cycle-Regulated Transcriptional Circuitry},
author = {Steven B. Haase and Curt Wittenberg},
year = {2014},
doi = {10.1534/genetics.113.152595},
language = {English},
volume = {196},
pages = {65--90},
issue = {1},
journal = {Genetics}
}


@book{HatcherAlgebraic02,
  	title={Algebraic Topology},
  	author={Allen Hatcher},
  	isbn={9780521795401},
  	lccn={00065166},
  	series={Algebraic Topology},
  	url={https://books.google.com/books?id=BjKs86kosqgC},
  	year={2002},
  	publisher={Cambridge University Press}
}

@inproceedings{HausmannOn95,
  title = {{On the Vietoris-Rips Complexes and a Cohomology Theory for Metric Spaces}},
  author = {Jean-Claude Hausmann},
  pages = {175--188},
  booktitle = {{Prospects in Topology: Proceedings of a Conference in honour of William Browder, Annals of Mathematics Studies}},
  publisher = {Princeton University Press},
  year = {1995}
}

@article{HirschbergA75,
  title = {A Linear Space Algorithm for Computing Maximal Common Subsequences},
  author = {Daniel S. Hirschberg},
  journal = {Communications of the ACM},
  volume = {18},
  issue = {6},
  year = {1975},
  pages = {341 -- 343},
  doi = {10.1145/360825.360861},
}

@article{KamathA02,
  title={A multi-band spectral subtraction method for enhancing speech corrupted by colored noise},
  author={Sunil D. Kamath and Philipos C. Loizou},
  journal={2002 IEEE International Conference on Acoustics, Speech, and Signal Processing},
  year={2002},
  volume={4}
}

@book{KantzNonlinear03, 
place={Cambridge}, 
title={Nonlinear Time Series Analysis, Second Edition}, 
DOI={10.1017/CBO9780511755798}, 
publisher={Cambridge University Press}, 
author={Kantz, Holger and Schreiber, Thomas}, 
year={2003}
}

@book{KaczynskiComputational04,
  author={Tomasz Kaczynski and Konstantin Mischaikow and Marian Mrozek},
  title={Computational Homology}, 
  year={2004},
  volume={157},
  place={New York},
  publisher={Springer-Verlag}
  }

@article{KhasawnehTopological18,
  author={Firas A. Khasawneh and Elizabeth Munch},
  journal={Proceedings of the Royal Society A: Mathematical, Physical and Engineering Science}, 
  title={Topological Data Analysis for True Step Detection in Periodic Piecewise Constant Signals}, 
  year={2018},
  volume={474},
  issue={2218},
  doi={10.1098/rspa.2018.0027}
  }
  
  @article{KhasawnehOn20,
  author={Audun Myers and Firas A. Khasawneh},
  journal={Chaos: An Interdisciplinary Journal of Nonlinear Science}, 
  title={On the Automatic Parameter Selection for Permutation Entropy}, 
  year={2020},
  volume={30},
  issue={3},
  number={033130},
  doi={10.1063/1.5111719}
  }

  @article{KimSpatiotemporal21,
  author={Woojin Kim and Facundo M\'{e}moli},
  journal={Discrete Computational Geometry}, 
  title={Spatiotemporal Persistent Homology for Dynamic Metric Spaces}, 
  year={2021},
  volume={66},
  pages = {831--875}
  }

@misc{KimStable21,
author = {Woojin Kim and Facundo M\'{e}moli},
title = {Stable Signatures for Dynamic Metric Spaces via Zigzag Persistent Homology},
year = {2017},
note   = "arXiv:1712.04064"
}

  
@book{KozlovCombinatorial07,
  title={Combinatorial Algebraic Topology},
  author={Dimitry Kozlov},
  volume={21},
  year={2008},
  series={Algorithms and Computation in Mathematics},
  publisher={Springer-Verlag Berlin Heidelberg}
  }
  
 @article{LawsonPersistent19,
  author={Peter Lawson and Andrew B. Sholl and J. Quincy Brown and Brittany Terese Fasy and Carola Wenk},
  journal={Scientific Reports}, 
  title={Persistent Homology for the Quantitative Evaluation of Architectural Features in Prostate Cancer}, 
  year={2019},
  volume={9},
  issue={1},
  number={1139},
  doi={10.1038/s41598-018-36798-y}
  }
  
  @article{LevenshteinBinary66,
  author = {Levenshtein, Vladimir Iosifovich},
  journal = {Soviet Physics Doklady},
  number = {8},
  pages = {707--710},
  title = {Binary Codes Capable of Correcting Deletions, Insertions and Reversals.},
  volume = {10},
  year = {1966}
}
  
 @article{LesnickThe15,
  author={Michael Lesnick},
  journal={Foundations of Computational Mathematics}, 
  title={The Theory of the Interleaving Distance on Multidimensional Persistence Modules}, 
  year={2015},
  volume={15},
  pages = {613–650},
  doi={10.1007/s10208-015-9255-y}
  }

  @article{LowranceAn75,
  author={Roy Lowrance and Robert A. Wagner},
  journal={Journal of the ACM}, 
  title={An Extension of the String-to-String Correction Problem}, 
  year={1975},
  volume={22},
  issue = {2},
  pages = {177--183}
  }
  
  @article{McGoffThe16,
  author={Kevin A McGoff and Xin Guo and Anastasia Deckard and Christina M. Kelliher and Adam R. Leman and Lauren J. Francey and John B. Hogenesch and Steven B. Haase and John L. Harer},
  journal={Genome Biology}, 
  title={The Local Edge Machine: Inference of Dynamic Models of Gene Regulation}, 
  year={2016},
  volume={17},
  issue = {1},
  doi={10.1186/s13059-016-1076-z}
  }
  
  @inproceedings{MeryllTopological20,
  title = {{Topological Data Analysis for Arrhythmia Detection through Modular Neural Networks}},
  author = {Dindin, Meryll and Umeda, Yuhei and Chazal, Fr{\'e}d{\'e}ric},
  url = {https://hal.inria.fr/hal-02155849},
  note = {7 pages, 4 figures},
  booktitle = {{CanadianAI 2020 - 33rd Canadian Conference on Artificial Intelligence}},
  address = {Ottawa, Canada},
  series = {Proc. 33rd Canadian Conference on Artificial Intelligence, May 2020.},
  year = {2020},
  month = {May}
}

@book{MilnorMorse63,
	author = {John Milnor},
	title = {Morse Theory},
	year = {1963},
	publisher = {Princeton University Press, New Jersey}
}

@inproceedings{MorozovDistributed13,
author = {Dimitriy Morozov and Gunther H. Weber},
year = {2013},
pages = {93--102},
crossref = {parallelsymp},
title = {Distributed Merge Trees}
}

@book{MunkresTopology00,
author = {James R. Munkres},
title = {Topology: Second Edition},
year = {2000},
publisher = {Upper Saddle River: Prentice Hall}
}

@book{MunkresElements84,
author = {James R. Munkres},
title = {Elements of Algebraic Topology},
year = {1984},
publisher = {Addison-Wesley}
}

@article{MureDiurnal18,
  title = {Diurnal Transcriptome Atalas of Primate Across Major Neural and Peripheral Tissues},
  author = {Ludovic S. Mure and Hiep D. Le and Giorgia Benegiamo and Max W. Chang and Luis Rios and Ngalla Jillani and Maina Ngotho and Thomas Kariuki and Ouria Dkhissi- Benyahya and Howard M. Cooper and Satchidananda Panda},
  journal = {Science},
  volume = {359},
  issue = {6381},
  year = {2018},
  doi = {10.1126/science.aao0318}
}

@article{NavarroA01,
  title = {A Guided Tour to Approximate String Matching},
  author = {Navarro Gonzalo},
  journal = {ACM Computing Surveys},
  volume = {33},
  issue = {1},
  year = {2001},
  doi = {10.1145/375360.375365},
}

@article{NesbitThe86,
  title = {The Accuracy of Approximate String Matching Algorithms},
  author = {John C. Nesbit},
  journal = {Journal of Computer Based Instruction},
  volume = {13},
  issue = {3},
  year = {1986},
}

@article{OtterA17,
  title = {A Roadmap for the Computation of Persistent Homology},
  author = {Nina Otter and Mason A. Porter and Ulrike Tillmann and Peter Grindrod and Heather A. Harrington},
  journal = {EPJ Data Science},
  volume = {6},
  issue = {17},
  year = {2017},
  publisher = {Springer},
}

@article{OwolabiFast88,
  title={Fast Approximate String Matching},
  author={Olumide Owolabi and Douglas R. McGregor},
  journal={Software: Practice and Experience},
  year={1988},
  volume={18}
}

@article{PereaSliding15,
  title = {SW1PerS: Sliding Windows and 1-Persistence Scoring; Discovering Periodicity in Gene Expression Time Series Data},
  author = {Jose A. Perea and Anastasia Deckard and Steve B. Haase and John Harer},
  journal = {BMC Bioinformatics},
  volume = {16},
  issue = {257},
  year = {2015},
  month = {August},
  publisher = {Springer Nature},
  url = {https://doi.org/10.1186/s12859-015-0645-6}
}

@article{PetriHomological14,
  author={G. Petri and P. Expert and F. Turkheimer and R. Carhart-Harris and D. Nutt and P.J. Hellyer and F. Vaccarino},
  journal={Journal of the Royal Society Interface}, 
  title={Homological Scaffolds of Brain Functional Networks}, 
  year={2014},
  volume={11},
  number={20140873},
  doi={10.1098/rsif.2014.0873}}
 
 @article{MaThe15, 
title = {The Liver Clock Controls Cholesterol Homeostasis through Trib1 Protein-mediated Regulation of PCSK9/Low Density Lipoprotein Receptor (LDLR) Axis*},
journal = {Journal of Biological Chemistry},
volume = {290},
number = {52},
pages = {31003-31012},
year = {2015},
issn = {0021-9258},
doi = {https://doi.org/10.1074/jbc.M115.685982},
url = {https://www.sciencedirect.com/science/article/pii/S0021925820392991},
author = {Di Ma and Tongyu Liu and Lin Chang and Crystal Rui and Yuanyuan Xiao and Siming Li and John B. Hogenesch and Y. Eugene Chen and Jiandie D. Lin}
}


@article{MorozovInterleaving13,
	author = {Dmitriy Morozov and Kenes Beketayev and Gunther H. Weber},
	title = {Interleaving Distance Between Merge Trees},
	volume = {49},
	pages = {22--45},
	year = {2013},
	journal = {Discrete Computational Geometry}
}

@article{NeedlemanA70,
  author  = {Saul B. Needleman and Christian D. Wunsch}, 
  title   = {A General Method Applicable to the Search For Similarities in the Amino Acid Sequence of Two Proteins},
  journal = {Journal of Molecular Biology},
  year    = {1970},
  pages   = {443-453},
  month   = {March},
  volume  = {48},
  issue = {3}
}

@misc{NeremA19,
	author = {Riley Nerem and Peter Crawford-Kahrl and Bree Cummins and Tom\'{a}\v{s} Gedeon},
	title = {A Poset Metric from the Directed Maximum Common Edge Subgraph},
	year = {2019},
	note   = "arXiv:1910.14638"
}

@article{OrlandoGlobal08,
	author = {David A. Orlando and Charles Y. Lin and Allister Bernard and Jean Y. Wang and Joshua E. S. Socolar and Edwin S. Iversen and Alexander J. Hartemink and Steven B. Haase},
	title = {Global Control of Cell Cycle Transcription by Coupled CDK and Network Oscillators},
	volume = {453(7197)},
	pages = {944--947},
	year = {2008},
	journal = {Nature}
}

@article{PereaA19,
	author = {Jose A. Perea},
	title = {A Brief History of Persistence},
	volume = {23},
	pages = {1--16},
	year = {2019},
	journal = {Morfismos}
}

@proceedings{parallelsymp,
title = {Proceedings of the Annual Symposium on Principles and Practice of Parallel Programming},
booktitle = {Proceedings of the Annual Symposium on Principles and Practice of Parallel Programming},
publisher = {ACM},
month = {February},
year = {2013},
isbn = {978-1-4503-1922-5}
}

@article{RahiThe16,
author = {Sahand Jamal Rahi and Kresti Pecani and Andrej Ondracka and Catherine Oikonomou},
title = {The CDK-APC/C Oscillator Predominantly Entrains Periodic Cell-Cycle Transcription},
volume = {165},
issue = {2},
pages = {475--487},
year = {2016},
journal = {Cell},
doi = {10.1016/j.cell.2016.02. 060}
}

@article{RobinsToward99,
author = {Vanessa Robins},
title = {Toward Computing Homology from Finite Approximations},
volume = {24},
pages = {503--532},
year = {1999},
journal = {Topology Proceedings},
}

@article{RubenA18,
  author  = {Marc D. Ruben and Gang Wu and David F. Smith and Robert E. Schmidt and Lauren J. Francey and Yin Yeng Lee and Ron C. Anafi and John B. Hogenesch}, 
  title   = {A Database of Tissue-Specific Rhythmically Expressed Human Genes Has Potential Applications in Circadian Medicine},
  journal = {Science Translational Medicine},
  year    = {2018},
  month   = {September},
  volume  = {10},
  issue = {458}
}

@inproceedings{SandersonComputational17,
  author={Nicole F. Sanderson and Elliott Shugerman and Samantha Molnar and James D. Meiss and Elizabeth Bradley},
  editor = {Niall Adams and Allan Tucker and David Weston},
  title={Computational Topology Techniques for Characterizing Time-Series Data },
  booktitle={Advances in Intelligent Data Analysis XVI},
  publisher = {Springer},
  year={2017}
}

@article{SheddenAnalysis02,
author = {Kerby Shedden and Stephen Cooper},
title = {Analysis of Cell-Cycle Gene Expression in Saccharomyces Cerevisiae Using Microarrays and Multiple Synchronization Methods},
volume = {30},
issue = {13},
pages = {2920--2929},
year = {2002},
journal = {Nucleic Acids Research},
doi = {10.1093/nar/gkf414}
}

@article{SimonSerial01,
	author = {Simon, I. and Barnett, J. and Hannett, N. and Harbison, C.T. and  Rinaldi, N.J. and Volkert, T.L. and Wyrick, J.J. and Zeitlinger, J. and Gifford D.K. and Jaakkola, T.S. and Young, R.A.},
	title = {Serial Regulation of Transcriptional Regulators in the Yeast Cell Cycle},
	volume = {106},
	pages = {697--708},
	year = {2001},
	issue = {6},
	journal = {Cell}
}

@article{SimmonsTranscription08,
author = {Laura A. Simmons Kovacs and David A. Orlando and Steven B. Haase},
title = {Transcription Networks and Cyclin/CDKs: The Yin and Yang of Cell Cycle Oscillators},
volume = {7},
issue = {17},
pages = {2626--2629},
year = {2008},
publisher = {Cell Cycle},
journal = {Foundations of Computational Mathematics}
}

@article{SimmonsCyclin12,
author = {Laura A. Simmons Kovacs and Michael B. Mayhew and David A. Orlando and Yuanjie Jin and Qingyun Li and Chenchen Huang and Steven I. Reed and Sayan Mukherjee and Steven B. Haase},
title = {Cyclin-Dependent Kinases Are Regulators and Effectors of Oscillations Driven By Transcription Factor Network},
volume = {45},
number = {5},
pages = {669--679},
year = {2012},
journal = {Molecular Cell},
doi = {10.1016/j.molcel.2011.12.033}
}

@article{Skraba2020WassersteinSF,
  title={Wasserstein Stability for Persistence Diagrams},
  author={Primoz Skraba and Katharine Turner},
  journal={arXiv: Algebraic Topology},
  year={2020}
}

@inproceedings{SmallComplex13,
  author={Small, Michael},
  booktitle={2013 IEEE International Symposium on Circuits and Systems (ISCAS)}, 
  title={Complex Networks From Time Series: Capturing dynamics}, 
  year={2013},
  pages={2509-2512},
  doi={10.1109/ISCAS.2013.6572389}}

@article{SmirnovTriplet20,
	author = {Dmitriy Smirnov and Dmitriy Morozov},
	title = {Triplet Merge Trees},
	year = {2020},
	journal = {Topological Methods in Data Analysis and Visualization V (TopoInVis'17)}
}

@article{SmithAn20,
	author = {Smith, Lauren M. and Motta, Francis C. and Chopra, Garima and Moch, J. Kathleen and Nerem, Robert R. and Cummins, Bree and Roche, Kimberly E. and Kelliher, Christina M. and Leman, Adam R. and Harer, John and Gedeon, Tom\'{a}\v{s} and Waters, Norman C. and Haase, Steven B.},
	title = {An intrinsic oscillator drives the blood stage cycle of the malaria parasite Plasmodium falciparum},
	volume = {368},
	number = {6492},
	pages = {754--759},
	year = {2020},
	doi = {10.1126/science.aba4357},
	publisher = {American Association for the Advancement of Science},
	issn = {0036-8075},
	URL = {https://science.sciencemag.org/content/368/6492/754},
	eprint = {https://science.sciencemag.org/content/368/6492/754.full.pdf},
	journal = {Science}
}
 
 @article{SmithIdentification81,
author = {Temple F. Smith and Michael S. Waterman},
title = {Identification of Common Molecular Subsequences},
volume = {147},
pages = {195--197},
year = {1981},
journal = {Journal of Molecular Biology},
doi = {10.1016/0022-2836(81)90087-5}
}


@article{SteinerLipschitz10,
	author = {David Cohen-Steiner and Herbert Edelsbrunner and John Harer and Yuriy Mileyko},
	title = {Lipschitz Functions Have $L_p$-Stable Persistence},
	volume = {10},
	pages = {127--139},
	year = {2010},
	publisher = {Springer International Publishing},
	journal = {Foundations of Computational Mathematics}
}

@article{SteinerStability07,
	author = {Cohen-Steiner, David  and  Edelsbrunner, Herbert and Harer,
            John},
	title = {Stability of Persistence Diagrams},
	volume = {37},
	pages = {103--120},
	year = {2007},
	publisher = {Springer International Publishing},
	journal = {Discrete and Computational Geometry}
}

@inproceedings{SteinerVines06,
  author={David Cohen-Steiner and Herbert Edelsbrunner and Dmitriy Morozov},
  booktitle={SoCG 2006: Proceedings of the Twenty-Second Annual Symposium on Computational Geometry}, 
  title={Vines and Vineyards by Updating Persistence in Linear Time}, 
  year={2006},
  pages={119-126},
  doi={10.1145/1137856.1137877}}

 @article{StolzPersistent17,
  author={Bernadette J. Stolz and Heather A. Harrington and Mason A. Porter},
  journal={Chaos}, 
  title={Persistent Homology of Time-Dependent Functional Networks Constructed from Coupled Time Series}, 
  year={2017},
  volume={27},
  issue = {047410},
  }
  
 @article{SugiharaDetecting12,
author = {George Sugihara and Robert May and Hao Ye and Chih-hao Hsieh and Ethan Deyle and Michael Fogarty and Stephan Munch},
title = {Detecting Causality in Complex Ecosystems},
journal = {Science},
volume = {338},
number = {6106},
pages = {496-500},
year = {2012},
doi = {10.1126/science.1227079},
URL = {https://www.science.org/doi/abs/10.1126/science.1227079},
eprint = {https://www.science.org/doi/pdf/10.1126/science.1227079},
}

 @article{TakensDetecting80,
  author={Floris Takens},
  journal={Dynamical Systems and Turbulence,
Warwick 1980, Lecture Notes in Mathematics}, 
  title={Detecting Strange Attractors in Turbulence}, 
  publisher = {Springer Berlin Heidelberg},
  year={1981},
  volume={898},
  pages = {366 - 381}
  }
  
 @article{TopazTopological15,
  author={Chad M. Topaz and Lori Ziegelmeier and Tom Halverson},
  journal={PLoS ONE}, 
  title={Topological Data Analysis of Biological Aggregation Models}, 
  publisher = {PLoS},
  year={2015},
  doi = {10.1371/journal.pone.0126383},
  }
  
@book{TsayMultivariate13,
author = {Ruey S. Tsay},
title = {Multivariate Time Series Analysis: With R and Financial Applications},
year = {2013},
isbn = {1118617908},
publisher = {Wiley},
edition = {1st},
}

@article{UlmerA19,
  author={M. Ulmer and Lori Ziegelmeier and Chad M. Topaz},
  journal={PLoS ONE}, 
  title={A Topological Approach to Selecting Models of Biological Experiments}, 
  publisher = {PLoS},
  year={2019},
  doi = {10.1371/journal.pone.0213679},
  }
  
  @article{VietorisUber27,
  author={Leopold Vietoris},
  journal={Mathematische Annalen}, 
  title={\"{U}ber den h\"{o}heren Zusammenhang kompakter R\"{a}ume und eine Klasse von zusammenhangstreuen Abbildungen}, 
  year={1927},
  pages ={454--472},
  doi = {10.1007/BF01447877},
  }
  
 @article {VipondMultiparameter21,
	author = {Vipond, Oliver and Bull, Joshua A. and Macklin, Philip S. and Tillmann, Ulrike and Pugh, Christopher W. and Byrne, Helen M. and Harrington, Heather A.},
	title = {Multiparameter Persistent Homology Landscapes Identify Immune Cell Spatial Patterns in Tumors},
	volume = {118},
	number = {41},
	elocation-id = {e2102166118},
	year = {2021},
	doi = {10.1073/pnas.2102166118},
	publisher = {National Academy of Sciences},
	issn = {0027-8424},
	URL = {https://www.pnas.org/content/118/41/e2102166118},
	eprint = {https://www.pnas.org/content/118/41/e2102166118.full.pdf},
	journal = {Proceedings of the National Academy of Sciences}
}


@article{WagnerThe74,
  title={The String-to-String Correction Problem},
  author={Robert A. Wagner and Michael J. Fischer},
  journal={Journal of the ACM},
  year={1974},
  volume={21},
  pages={168-173}
}

@book{WeiMultivariate19,
author = {William W. S. Wei},
title = {Multivariate Time Series Analysis and Applications},
year = {2019},
isbn = {1119502853},
publisher = {Wiley},
edition = {1st},
}

@article{XianCapturing21,
title = {Capturing Dynamics of Time-Varying Data Via Topology},
journal = {Foundations of Data Science},
year = {2021},
author = {Lu Xian and Henry Adams and Chad M. Topaz and Lori Ziegelmeier},
doi = {10.3934/fods.2021033}
}

@article{YongjinHigh18,
author = {Lee, Yongjin and Barthel, Senja D. and Dłotko, Paweł and Moosavi, Seyed Mohamad and Hess, Kathryn and Smit, Berend},
title = {High-Throughput Screening Approach for Nanoporous Materials Genome Using Topological Data Analysis: Application to Zeolites},
journal = {Journal of Chemical Theory and Computation},
volume = {14},
number = {8},
pages = {4427-4437},
year = {2018},
doi = {10.1021/acs.jctc.8b00253}
}

@article{ZhangA14,
	author = {Ray Zhang and Nicholas F. Lahens and Heather I. Ballance and Michael E. Hughes and John B. Hogenesch},
	title = {A Circadian Gene Expression Atlas in Mammals: Implications for Biology and Medicine},
	volume = {111},
	pages = {16219-16224},
	year = {2014},
	journal = {Proceedings of the National Academy of Sciences of the United States of America}
}

@article{ZomorodianComputing05,
author = {Afra Zomorodian and Gunnar Carlsson},
title = {Computing Persistent Homology},
journal = {Discrete Computational Geometry},
year = {2005},
volume = {33},
pages = {249--274}
}


